@MISC{kolosov_matrices2024,
    author = {Petro Kolosov},
    title = {{Odd-power identity via multiplication of certain matrices}},
    howpublished = {Available electronically at \url {https://github.com/kolosovpetro/github-latex-template}},
    year = {2022}
}
